
@article{harlow1965numerical,
  title={Numerical calculation of time-dependent viscous incompressible flow of fluid with free surface},
  author={Harlow, Francis H and Welch, J Eddie},
  journal={The physics of fluids},
  volume={8},
  number={12},
  pages={2182--2189},
  year={1965},
  publisher={American Institute of Physics}
}

@article{selle2008unconditionally,
  title={An unconditionally stable MacCormack method},
  author={Selle, Andrew and Fedkiw, Ronald and Kim, Byungmoon and Liu, Yingjie and Rossignac, Jarek},
  journal={Journal of Scientific Computing},
  volume={35},
  number={2-3},
  pages={350--371},
  year={2008},
  publisher={Springer}
}

@techreport{kim2005flowfixer,
  title={Flowfixer: Using bfecc for fluid simulation},
  author={Kim, ByungMoon and Liu, Yingjie and Llamas, Ignacio and Rossignac, Jaroslaw R},
  year={2005},
  institution={Georgia Institute of Technology}
}

@incollection{chentanez2011real,
  title={Real-time Eulerian water simulation using a restricted tall cell grid},
  author={Chentanez, Nuttapong and M{\"u}ller, Matthias},
  booktitle={ACM Siggraph 2011 Papers},
  pages={1--10},
  year={2011}
}

@inproceedings{xu2011interactive,
  title={Interactive visual simulation of dynamic ink diffusion effects},
  author={Xu, Shibiao and Mei, Xing and Dong, Weiming and Zhang, Zhiyi and Zhang, Xiaopeng},
  booktitle={Proceedings of the 10th International Conference on Virtual Reality Continuum and Its Applications in Industry},
  pages={109--116},
  year={2011}
}

@article{zhu2005animating,
  title={Animating sand as a fluid},
  author={Zhu, Yongning and Bridson, Robert},
  journal={ACM Transactions on Graphics (TOG)},
  volume={24},
  number={3},
  pages={965--972},
  year={2005},
  publisher={ACM New York, NY, USA}
}

@inproceedings{muller2003particle,
  title={Particle-based fluid simulation for interactive applications},
  author={M{\"u}ller, Matthias and Charypar, David and Gross, Markus},
  booktitle={Proceedings of the 2003 ACM SIGGRAPH/Eurographics symposium on Computer animation},
  pages={154--159},
  year={2003},
  organization={Eurographics Association}
}

@incollection{solenthaler2009predictive,
  title={Predictive-corrective incompressible SPH},
  author={Solenthaler, Barbara and Pajarola, Renato},
  booktitle={ACM SIGGRAPH 2009 papers},
  pages={1--6},
  year={2009}
}

@article{macklin2013position,
  title={Position based fluids},
  author={Macklin, Miles and M{\"u}ller, Matthias},
  journal={ACM Transactions on Graphics (TOG)},
  volume={32},
  number={4},
  pages={1--12},
  year={2013},
  publisher={ACM New York, NY, USA}
}

@article{lorensen1987marching,
  title={Marching cubes: A high resolution 3D surface construction algorithm},
  author={Lorensen, William E and Cline, Harvey E},
  journal={ACM siggraph computer graphics},
  volume={21},
  number={4},
  pages={163--169},
  year={1987},
  publisher={ACM New York, NY, USA}
}

@inproceedings{kang2010hybrid,
  title={A hybrid approach to multiple fluid simulation using volume fractions},
  author={Kang, Nahyup and Park, Jinho and Noh, Junyong and Shin, Sung Yong},
  booktitle={Computer Graphics Forum},
  volume={29},
  number={2},
  pages={685--694},
  year={2010},
  organization={Wiley Online Library}
}

@inproceedings{angelidis2005simulation,
  title={Simulation of smoke based on vortex filament primitives},
  author={Angelidis, Alexis and Neyret, Fabrice},
  booktitle={Proceedings of the 2005 ACM SIGGRAPH/Eurographics symposium on Computer animation},
  pages={87--96},
  year={2005}
}